
@article{anthonisen_antibiotic_1987,
	title = {Antibiotic Therapy in Exacerbations of Chronic Obstructive Pulmonary Disease},
	volume = {106},
	issn = {0003-4819},
	url = {http://annals.org/article.aspx?doi=10.7326/0003-4819-106-2-196},
	doi = {10.7326/0003-4819-106-2-196},
	pages = {196},
	number = {2},
	journaltitle = {Annals of Internal Medicine},
	shortjournal = {Ann Intern Med},
	author = {Anthonisen, N. R.},
	urldate = {2023-02-27},
	date = {1987-02-01},
	langid = {english},
}

@article{erbland_systemic_1998,
	title = {Systemic Corticosteroids in Chronic Obstructive Pulmonary Disease Exacerbations ({SCCOPE})},
	volume = {19},
	issn = {01972456},
	url = {https://linkinghub.elsevier.com/retrieve/pii/S0197245698000117},
	doi = {10.1016/S0197-2456(98)00011-7},
	pages = {404--417},
	number = {4},
	journaltitle = {Controlled Clinical Trials},
	shortjournal = {Controlled Clinical Trials},
	author = {Erbland, Marcia L. and Deupree, Robert H. and Niewoehner, Dennis E.},
	urldate = {2023-02-27},
	date = {1998-08},
	langid = {english},
}

@article{leuppi_short-term_2013,
	title = {Short-term vs Conventional Glucocorticoid Therapy in Acute Exacerbations of Chronic Obstructive Pulmonary Disease: The {REDUCE} Randomized Clinical Trial},
	volume = {309},
	issn = {0098-7484},
	url = {http://jama.jamanetwork.com/article.aspx?doi=10.1001/jama.2013.5023},
	doi = {10.1001/jama.2013.5023},
	shorttitle = {Short-term vs Conventional Glucocorticoid Therapy in Acute Exacerbations of Chronic Obstructive Pulmonary Disease},
	pages = {2223},
	number = {21},
	journaltitle = {{JAMA}},
	shortjournal = {{JAMA}},
	author = {Leuppi, Jörg D. and Schuetz, Philipp and Bingisser, Roland and Bodmer, Michael and Briel, Matthias and Drescher, Tilman and Duerring, Ursula and Henzen, Christoph and Leibbrandt, Yolanda and Maier, Sabrina and Miedinger, David and Müller, Beat and Scherr, Andreas and Schindler, Christian and Stoeckli, Rolf and Viatte, Sebastien and von Garnier, Christophe and Tamm, Michael and Rutishauser, Jonas},
	urldate = {2023-02-27},
	date = {2013-06-05},
	langid = {english},
	file = {Full Text:/home/eric/Zotero/storage/LFRYHJ32/Leuppi et al. - 2013 - Short-term vs Conventional Glucocorticoid Therapy .pdf:application/pdf},
}

@article{drazen_challenges_2017,
	title = {Challenges in the Design and Interpretation of Noninferiority Trials},
	volume = {377},
	issn = {0028-4793, 1533-4406},
	url = {http://www.nejm.org/doi/10.1056/NEJMra1510063},
	doi = {10.1056/NEJMra1510063},
	pages = {1357--1367},
	number = {14},
	journaltitle = {New England Journal of Medicine},
	shortjournal = {N Engl J Med},
	author = {Mauri, Laura and D’Agostino, Ralph B.},
	editor = {Drazen, Jeffrey M. and Harrington, David P. and {McMurray}, John J.V. and Ware, James H. and Woodcock, Janet},
	urldate = {2023-03-02},
	date = {2017-10-05},
	langid = {english},
}

@article{blair_treatment_1984,
	title = {Treatment of Chronic Obstructive Pulmonary Disease with Corticosteroids},
	volume = {86},
	issn = {00123692},
	url = {https://linkinghub.elsevier.com/retrieve/pii/S0012369215397233},
	doi = {10.1378/chest.86.4.524},
	pages = {524--528},
	number = {4},
	journaltitle = {Chest},
	shortjournal = {Chest},
	author = {Blair, Gregory P. and Light, Richard W.},
	urldate = {2023-03-02},
	date = {1984-10},
	langid = {english},
}

@article{emerman_randomized_1989,
	title = {A Randomized Controlled Trial of Methylprednisolone in the Emergency Treatment of Acute Exacerbations of {COPD}},
	volume = {95},
	issn = {00123692},
	url = {https://linkinghub.elsevier.com/retrieve/pii/S0012369216614095},
	doi = {10.1378/chest.95.3.563},
	pages = {563--567},
	number = {3},
	journaltitle = {Chest},
	shortjournal = {Chest},
	author = {Emerman, Charles L. and Connors, Alfred F. and Lukens, Thomas W. and May, Michael E. and Effrron, David},
	urldate = {2023-03-02},
	date = {1989-03},
	langid = {english},
}

@article{mendella_steroid_1982,
	title = {Steroid Response in Stable Chronic Obstructive Pulmonary Disease},
	volume = {96},
	issn = {0003-4819},
	url = {http://annals.org/article.aspx?doi=10.7326/0003-4819-96-1-17},
	doi = {10.7326/0003-4819-96-1-17},
	pages = {17},
	number = {1},
	journaltitle = {Annals of Internal Medicine},
	shortjournal = {Ann Intern Med},
	author = {Mendella, L. A.},
	urldate = {2023-03-02},
	date = {1982-01-01},
	langid = {english},
}

@article{albert_controlled_1980,
	title = {Controlled Clinical Trial of Methylprednisolone in Patients with Chronic Bronchitis and Acute Respiratory Insufficiency},
	volume = {92},
	issn = {0003-4819},
	url = {http://annals.org/article.aspx?doi=10.7326/0003-4819-92-6-753},
	doi = {10.7326/0003-4819-92-6-753},
	pages = {753},
	number = {6},
	journaltitle = {Annals of Internal Medicine},
	shortjournal = {Ann Intern Med},
	author = {Albert, Richard K.},
	urldate = {2023-03-02},
	date = {1980-06-01},
	langid = {english},
}

@article{evans_controlled_1974,
	title = {A controlled trial of prednisone, in low dosage, in patients with chronic airways obstruction},
	volume = {29},
	issn = {0040-6376},
	url = {https://thorax.bmj.com/lookup/doi/10.1136/thx.29.4.401},
	doi = {10.1136/thx.29.4.401},
	pages = {401--406},
	number = {4},
	journaltitle = {Thorax},
	shortjournal = {Thorax},
	author = {Evans, J. A. and Morrison, I. M. and Saunders, K. B.},
	urldate = {2023-03-02},
	date = {1974-07-01},
	langid = {english},
	file = {Full Text:/home/eric/Zotero/storage/VF6WHQJ4/Evans et al. - 1974 - A controlled trial of prednisone, in low dosage, i.pdf:application/pdf},
}

@article{beerel_controlled_1963,
	title = {A Controlled Study of the Effect of Prednisone on Air-Flow Obstruction in Severe Pulmonary Emphysema},
	volume = {268},
	issn = {0028-4793, 1533-4406},
	url = {http://www.nejm.org/doi/abs/10.1056/NEJM196301312680502},
	doi = {10.1056/NEJM196301312680502},
	pages = {226--230},
	number = {5},
	journaltitle = {New England Journal of Medicine},
	shortjournal = {N Engl J Med},
	author = {Beerel, Frederick and Jick, Hershel and Tyler, John M. and Gordon, Susan and Muench, Hugo},
	urldate = {2023-03-02},
	date = {1963-01-31},
	langid = {english},
}

@article{franklin_bronchodilators_1958,
	title = {Bronchodilators and Corticosteroids in the Treatment of Obstructive Pulmonary Emphysema},
	volume = {258},
	issn = {0028-4793, 1533-4406},
	url = {http://www.nejm.org/doi/abs/10.1056/NEJM195804172581602},
	doi = {10.1056/NEJM195804172581602},
	pages = {774--778},
	number = {16},
	journaltitle = {New England Journal of Medicine},
	shortjournal = {N Engl J Med},
	author = {Franklin, William and Michelson, A. L. and Lowell, F. C. and Schiller, I. W.},
	urldate = {2023-03-02},
	date = {1958-04-17},
	langid = {english},
}
