Automatically generated by Mendeley Desktop 1.19.3
Any changes to this file will be lost if it is regenerated by Mendeley.

BibTeX export options can be customized via Options -> BibTeX in Mendeley Desktop

@article{khardenavis2014,
author = {S. Khardenavis and A. Deshpande},
doi = {10.1136/bcr-2013-202921},
issn = {1757-790X},
journal = {Case Reports},
month = {jan},
number = {jan30 1},
pages = {bcr2013202921--bcr2013202921},
title = {Borderline tuberculoid leprosy with type 1/reversal reaction},
url = {http://casereports.bmj.com/cgi/doi/10.1136/bcr-2013-202921},
volume = {2014},
year = {2014}
}
@article{chandranesan2018,
author = {A.S.J. Chandranesan and P.K. Mada and F. Ramos-Herberth and D. Walsworth and R. Penn and R. Washburn},
doi = {10.4103/ijmy.ijmy_21_18},
issn = {2212-5531},
journal = {Int. J. Mycobacteriology},
number = {2},
pages = {173},
title = {Leprosy in Northwest Louisiana: A case series},
url = {http://www.ijmyco.org/text.asp?2018/7/2/173/234318},
volume = {7},
year = {2018}
}
@article{shelley2018,
author = {B.P. Shelley and M.M. Shenoy},
doi = {10.4103/amhs.amhs_57_18},
issn = {2321-4848},
journal = {Arch. Med. Heal. Sci.},
number = {1},
pages = {157},
title = {Revisiting hansen's disease: Recognizing the many neurodermatologic faces and its diagnostic challenges},
url = {http://www.amhsjournal.org/text.asp?2018/6/1/157/234109},
volume = {6},
year = {2018}
}
@article{rao2016,
author = {P.N. Rao and S. Suneetha},
doi = {10.4103/0378-6323.179086},
issn = {0378-6323},
journal = {Indian J. Dermatology, Venereol. Leprol.},
number = {3},
pages = {252},
title = {Pure neuritic leprosy: Current status and relevance},
url = {http://www.ijdvl.com/text.asp?2016/82/3/252/179086},
volume = {82},
year = {2016}
}
@article{ding2019,
author = {J.Z. Ding and P. Legua},
doi = {10.1212/WNL.0000000000007239},
issn = {0028-3878},
journal = {Neurology},
month = {mar},
number = {13},
pages = {627--628},
title = {Visibly enlarged peripheral nerves in lepromatous leprosy},
url = {http://www.neurology.org/lookup/doi/10.1212/WNL.0000000000007239},
volume = {92},
year = {2019}
}
@article{baveja2019,
author = {S. Baveja and S. Sandhu and D. Vashisht},
doi = {10.4103/idoj.IDOJ_388_18},
issn = {2229-5178},
journal = {Indian Dermatol. Online J.},
number = {4},
pages = {444},
title = {A rare case of possible vacuolar degeneration of leprosy in brain with segmental necrotizing granulomatous neuritis and horner's syndrome},
url = {http://www.idoj.in/text.asp?2019/10/4/444/261799},
volume = {10},
year = {2019}
}
@misc{Program,
author = {Program, National Hansen's Disease},
title = {National Hansen's Disease (Leprosy) Program Caring and Curing Since 1894},
url = {https://www.hrsa.gov/hansens-disease/index.html},
urldate = {March 8, 2020}
}
@article{prasoon2015,
author = {D. Prasoon and S.K. Mandal and P. Agrawal},
doi = {10.4103/0970-9371.168843},
issn = {0970-9371},
journal = {J. Cytol.},
number = {3},
pages = {170},
title = {Sensory cutaneous nerve fine-needle aspiration in Hansenâ€²s disease: A retrospective analysis of our experience},
url = {http://www.jcytol.org/text.asp?2015/32/3/170/168843},
volume = {32},
year = {2015}
}
