@article{2020-ATS-denosumab,
	doi = {10.1164/ajrccm-conference.2020.201.1_MeetingAbstracts.A7618},
	author = {E.W. Robbins, K.A. Arao, T. Minami  and  K. Manzoor },
	title = {Denosumab-Related Mononeuritis Leading to Diaphragm and Long Thoracic Nerve Paralysis},
	booktitle = {D79. SRN: CURIOUS CASES IN SLEEP AND RESPIRATORY MEDICINE},
	chapter = {},
	pages = {A7618-A7618},
	doi = {10.1164/ajrccm-conference.2020.201.1_MeetingAbstracts.A7618},
	URL = {https://www.atsjournals.org/doi/abs/10.1164/ajrccm-conference.2020.201.1_MeetingAbstracts.A7618},
	eprint = {https://www.atsjournals.org/doi/pdf/10.1164/ajrccm-conference.2020.201.1_MeetingAbstracts.A7618}
}

@article{2020-ATS-polio,
  doi = {10.1164/ajrccm-conference.2020.201.1_MeetingAbstracts.A6990},
	author = {E. Robbins, G. Allam,  and  K. Manzoor},
	title = {Progressive Weakness in a Patient with Respiratory Failure: Finding the Uncommon},
	booktitle = {D48. CRITICAL CARE CASE REPORTS: NEUROCRITICAL CARE, SEDATION, AND DELIRIUM},
	chapter = {},
	pages = {A6990-A6990},
	doi = {10.1164/ajrccm-conference.2020.201.1_MeetingAbstracts.A6990},
	URL = {https://www.atsjournals.org/doi/abs/10.1164/ajrccm-conference.2020.201.1_MeetingAbstracts.A6990},
	eprint = {https://www.atsjournals.org/doi/pdf/10.1164/ajrccm-conference.2020.201.1_MeetingAbstracts.A6990}
}
