@article{Robbins2022aortic,
   author = {Eric W Robbins and Ahsan Ayaz and Nikola Perosevic and Ari Sacks and Kamran Manzoor},
   doi = {10.1016/j.chest.2022.08.1070},
   issn = {00123692},
   issue = {4},
   journal = {Chest},
   month = {10},
   pages = {A1340-A1341},
   title = {AORTIC DISSECTION INDUCED BY PERSISTENT COUGHING IN A PATIENT WITH EMPHYSEMA},
   volume = {162},
   year = {2022},
}
@article{Robbins2022pott,
   author = {Eric W Robbins and Aris Sacks and Karin A Sloan and David Halle and Kamran Manzoor},
   doi = {10.1016/j.chest.2022.08.1375},
   issn = {00123692},
   issue = {4},
   journal = {Chest},
   month = {10},
   pages = {A1642-A1643},
   title = {ADENOCARCINOMA OF THE LUNG MIMICKING MILIARY TB AND POTT DISEASE},
   volume = {162},
   year = {2022},
}
@article{Robbins2020b,
   author = {Eric Robbins and Ajit Thota and Kamran Manzoor},
   doi = {10.1016/j.chest.2020.08.1392},
   issn = {00123692},
   issue = {4},
   journal = {Chest},
   month = {10},
   pages = {A1550},
   title = {Adenocarcinoma of the Lung With a Miliary Pattern},
   volume = {158},
   url = {https://linkinghub.elsevier.com/retrieve/pii/S0012369220335789},
   year = {2020},
}
@article{Robbins2022cdi,
   author = {Eric Robbins and Daniel Yee and Barry Shea},
   doi = {10.1097/01.ccm.0000806828.13647.9a},
   issn = {0090-3493},
   issue = {1},
   journal = {Critical Care Medicine},
   month = {1},
   pages = {46-46},
   title = {126: Diabetes Insipidus in a Critically Ill Postpartum Covid Patient},
   volume = {50},
   url = {https://journals.lww.com/10.1097/01.ccm.0000806828.13647.9a},
   year = {2022},
}
@article{Robbins2020-Denosumab,
   author = {E.W. Robbins and K.A. Arao and T. Minami and K. Manzoor},
   doi = {10.1164/ajrccm-conference.2020.201.1_meetingabstracts.a7618},
   journal = {D79. SRN: CURIOUS CASES IN SLEEP AND RESPIRATORY MEDICINE},
   month = {5},
   pages = {A7618-A7618},
   title = {Denosumab-Related Mononeuritis Leading to Diaphragm and Long Thoracic Nerve Paralysis},
   url = {https://www.atsjournals.org/doi/10.1164/ajrccm-conference.2020.201.1_MeetingAbstracts.A7618},
   year = {2020},
}
@article{Robbins2020-polio,
   author = {E. Robbins and G. Allam and K. Manzoor},
   doi = {10.1164/ajrccm-conference.2020.201.1_meetingabstracts.a6990},
   journal = {D48. CRITICAL CARE CASE REPORTS: NEUROCRITICAL CARE, SEDATION, AND DELIRIUM},
   month = {5},
   pages = {A6990-A6990},
   title = {Progressive Weakness in a Patient with Respiratory Failure: Finding the Uncommon},
   url = {https://www.atsjournals.org/doi/10.1164/ajrccm-conference.2020.201.1_MeetingAbstracts.A6990},
   year = {2020},
}
