


@article{ROBBINS_2022,
	doi = {10.1016/j.chest.2022.08.1070},
	url = {https://doi.org/10.1016%2Fj.chest.2022.08.1070},
	year = 2022,
	month = {oct},
	publisher = {Elsevier {BV}},
	volume = {162},
	number = {4},
	pages = {A1340--A1341},
	author = {ERIC W ROBBINS and AHSAN AYAZ and NIKOLA PEROSEVIC and ARI SACKS and KAMRAN MANZOOR},
	title = {{AORTIC} {DISSECTION} {INDUCED} {BY} {PERSISTENT} {COUGHING} {IN} A {PATIENT} {WITH} {EMPHYSEMA}},
	journal = {Chest}
}



@article{ROBBINS_2022,
	doi = {10.1016/j.chest.2022.08.1375},
	url = {https://doi.org/10.1016%2Fj.chest.2022.08.1375},
	year = 2022,
	month = {oct},
	publisher = {Elsevier {BV}},
	volume = {162},
	number = {4},
	pages = {A1642--A1643},
	author = {ERIC W ROBBINS and ARI SACKS and KARIN A SLOAN and DAVID HALLE and KAMRAN MANZOOR},
	title = {{ADENOCARCINOMA} {OF} {THE} {LUNG} {MIMICKING} {MILIARY} {TB} {AND} {POTT} {DISEASE}},
	journal = {Chest}
}
