
@article{sasson_association_2012,
	title = {Association of Neighborhood Characteristics with Bystander-Initiated {CPR}},
	volume = {367},
	issn = {0028-4793, 1533-4406},
	url = {http://www.nejm.org/doi/abs/10.1056/NEJMoa1110700},
	doi = {10.1056/NEJMoa1110700},
	pages = {1607--1615},
	number = {17},
	journaltitle = {New England Journal of Medicine},
	shortjournal = {N Engl J Med},
	author = {Sasson, Comilla and Magid, David J. and Chan, Paul and Root, Elisabeth D. and {McNally}, Bryan F. and Kellermann, Arthur L. and Haukoos, Jason S.},
	urldate = {2022-12-06},
	date = {2012-10-25},
	langid = {english},
	file = {Accepted Version:/home/eric/Zotero/storage/8DYAYJG6/Sasson et al. - 2012 - Association of Neighborhood Characteristics with B.pdf:application/pdf},
}

@article{vadeboncoeur_bystander_2008,
	title = {Bystander cardiopulmonary resuscitation for out-of-hospital cardiac arrest in the Hispanic vs the non-Hispanic populations},
	volume = {26},
	issn = {07356757},
	url = {https://linkinghub.elsevier.com/retrieve/pii/S0735675707006547},
	doi = {10.1016/j.ajem.2007.10.002},
	pages = {655--660},
	number = {6},
	journaltitle = {The American Journal of Emergency Medicine},
	shortjournal = {The American Journal of Emergency Medicine},
	author = {Vadeboncoeur, Tyler F. and Richman, Peter B. and Darkoh, Michael and Chikani, Vatsal and Clark, Lani and Bobrow, Bentley J.},
	urldate = {2022-12-06},
	date = {2008-07},
	langid = {english},
}

@article{nuno_disparities_2017,
	title = {Disparities in telephone {CPR} access and timing during out-of-hospital cardiac arrest},
	volume = {115},
	issn = {03009572},
	url = {https://linkinghub.elsevier.com/retrieve/pii/S0300957217301296},
	doi = {10.1016/j.resuscitation.2017.03.028},
	pages = {11--16},
	journaltitle = {Resuscitation},
	shortjournal = {Resuscitation},
	author = {Nuño, Tomas and Bobrow, Bentley J. and Rogge-Miller, Karen A. and Panczyk, Micah and Mullins, Terry and Tormala, Wayne and Estrada, Antonio and Keim, Samuel M. and Spaite, Daniel W.},
	urldate = {2022-12-06},
	date = {2017-06},
	langid = {english},
	file = {Full Text:/home/eric/Zotero/storage/PRJFCZUG/Nuño et al. - 2017 - Disparities in telephone CPR access and timing dur.pdf:application/pdf},
}

@article{anderson_rates_2014,
	title = {Rates of Cardiopulmonary Resuscitation Training in the United States},
	volume = {174},
	issn = {2168-6106},
	url = {http://archinte.jamanetwork.com/article.aspx?doi=10.1001/jamainternmed.2013.11320},
	doi = {10.1001/jamainternmed.2013.11320},
	pages = {194},
	number = {2},
	journaltitle = {{JAMA} Internal Medicine},
	shortjournal = {{JAMA} Intern Med},
	author = {Anderson, Monique L. and Cox, Margueritte and Al-Khatib, Sana M. and Nichol, Graham and Thomas, Kevin L. and Chan, Paul S. and Saha-Chaudhuri, Paramita and Fosbol, Emil L. and Eigel, Brian and Clendenen, Bill and Peterson, Eric D.},
	urldate = {2022-12-06},
	date = {2014-02-01},
	langid = {english},
	file = {Full Text:/home/eric/Zotero/storage/CSCPR7SP/Anderson et al. - 2014 - Rates of Cardiopulmonary Resuscitation Training in.pdf:application/pdf},
}

@article{sasson_barriers_2015,
	title = {Barriers to Calling 911 and Learning and Performing Cardiopulmonary Resuscitation for Residents of Primarily Latino, High-Risk Neighborhoods in Denver, Colorado},
	volume = {65},
	issn = {01960644},
	url = {https://linkinghub.elsevier.com/retrieve/pii/S0196064414014152},
	doi = {10.1016/j.annemergmed.2014.10.028},
	pages = {545--552.e2},
	number = {5},
	journaltitle = {Annals of Emergency Medicine},
	shortjournal = {Annals of Emergency Medicine},
	author = {Sasson, Comilla and Haukoos, Jason S. and Ben-Youssef, Leila and Ramirez, Lorenzo and Bull, Sheana and Eigel, Brian and Magid, David J. and Padilla, Ricardo},
	urldate = {2022-12-06},
	date = {2015-05},
	langid = {english},
	file = {Accepted Version:/home/eric/Zotero/storage/FEC2CZDU/Sasson et al. - 2015 - Barriers to Calling 911 and Learning and Performin.pdf:application/pdf},
}
